% This file was created with JabRef 2.10.
% Encoding: Cp1252


@InProceedings{Koscher2010,
  Title                    = {Experimental Security Analysis of a Modern Automobile},
  Author                   = {Koscher, Karl and Czeskis, Alexei and Roesner, Franziska and Patel, Shwetak and Kohno, Tadayoshi and Checkoway, Stephen and McCoy, Damon and Kantor, Brian and Anderson, Danny and Shacham, Hovav and Savage, Stefan},
  Booktitle                = {Proceedings of the 2010 IEEE Symposium on Security and Privacy},
  Year                     = {2010},

  Address                  = {Washington, DC, USA},
  Pages                    = {447--462},
  Publisher                = {IEEE Computer Society},
  Series                   = {SP '10},

  Acmid                    = {1849990},
  Doi                      = {10.1109/SP.2010.34},
  ISBN                     = {978-0-7695-4035-1},
  Keywords                 = {Automobiles, communication standards, communication system security, computer security, data buses},
  Numpages                 = {16},
  Owner                    = {moose},
  Timestamp                = {2015.04.24},
  Url                      = {http://dx.doi.org/10.1109/SP.2010.34}
}